<record><leader>00000cas a22000007a 4500</leader><controlfield tag="001">20763246</controlfield><controlfield tag="008">891211d198u19uucauwr ne      0   k0kor d</controlfield><datafield ind1=" " ind2=" " tag="010"><subfield code="a">sn 89002244 </subfield></datafield><datafield ind1=" " ind2=" " tag="040"><subfield code="a">NSD</subfield><subfield code="b">eng</subfield><subfield code="c">NSD</subfield><subfield code="d">OCLCQ</subfield></datafield><datafield ind1=" " ind2=" " tag="012"><subfield code="j">0</subfield><subfield code="k">1</subfield><subfield code="m">d</subfield></datafield><datafield ind1="1" ind2=" " tag="022"><subfield code="a">1047-7446</subfield><subfield code="l">1047-7446</subfield><subfield code="2">1</subfield></datafield><datafield ind1=" " ind2=" " tag="037"><subfield code="b">Sunday Journal U.S.A., 3407 W. 6th St., #803, Los Angeles, CA 90020</subfield></datafield><datafield ind1=" " ind2=" " tag="042"><subfield code="a">nsdp</subfield><subfield code="a">msc</subfield></datafield><datafield ind1=" " ind2="0" tag="222"><subfield code="a">So&#774;ndei cho&#774;no&#774;l</subfield></datafield><datafield ind1="0" ind2="0" tag="245"><subfield code="a">So&#774;ndei cho&#774;no&#774;l =</subfield><subfield code="b">Sunday journal.</subfield></datafield><datafield ind1="3" ind2="1" tag="246"><subfield code="a">Sunday journal</subfield></datafield><datafield ind1="3" ind2="1" tag="246"><subfield code="a">Sunday journal U.S.A.</subfield></datafield><datafield ind1="3" ind2="0" tag="246"><subfield code="a">Sunday journal USA</subfield></datafield><datafield ind1=" " ind2=" " tag="260"><subfield code="a">Los Angeles, CA :</subfield><subfield code="b">Sunday Journal</subfield></datafield><datafield ind1=" " ind2=" " tag="300"><subfield code="a">v.</subfield></datafield><datafield ind1=" " ind2=" " tag="310"><subfield code="a">Weekly</subfield></datafield><datafield ind1=" " ind2=" " tag="500"><subfield code="a">English title varies: Sunday journal U.S.A., &lt;1990, 4/15-&gt;</subfield></datafield><datafield ind1=" " ind2=" " tag="588"><subfield code="a">Description based on: 263-ho (11/26 [1989]).</subfield></datafield><datafield ind1=" " ind2=" " tag="588"><subfield code="a">Latest issue consulted: 281-ho (1990, 4/15).</subfield></datafield><datafield ind1=" " ind2=" " tag="752"><subfield code="a">United States</subfield><subfield code="b">California</subfield><subfield code="c">Los Angeles</subfield><subfield code="d">Los Angeles.</subfield></datafield><datafield ind1="0" ind2="0" tag="780"><subfield code="t">Miju So&#774;ndei cho&#774;no&#774;l</subfield><subfield code="x">0748-5395</subfield><subfield code="w">(DLC)sn 84008825</subfield></datafield><datafield ind1="0" ind2="0" tag="785"><subfield code="t">Maeil sinmun</subfield><subfield code="x">1062-208X</subfield><subfield code="w">(DLC)sn 92002345</subfield></datafield></record>